
@book{szeliski2010computer,
  title={Computer Vision: Algorithms and Applications},
  author={Szeliski, R.},
  isbn={9781848829350},
  lccn={2010936817},
  series={Texts in Computer Science},
  url={https://books.google.hr/books?id=bXzAlkODwa8C},
  year={2010},
  publisher={Springer London}
}

@misc{bworld,
  author={Jason Brownlee},
  title={{A Gentle Introduction to Object Recognition With Deep Learning}},
  howpublished={\url{https://machinelearningmastery.com/object-recognition-with-deep-learning/}},
  year={2019},
  note="[Online; accessed 2-April-2020]"
}

@article{everingham2010pascal,
  title={The pascal visual object classes (voc) challenge},
  author={Everingham, Mark and Van Gool, Luc and Williams, Christopher KI and Winn, John and Zisserman, Andrew},
  journal={International journal of computer vision},
  volume={88},
  number={2},
  pages={303--338},
  year={2010},
  publisher={Springer}
}


@article{DBLP:journals/corr/LiuAESR15,
  author    = {Wei Liu and
               Dragomir Anguelov and
               Dumitru Erhan and
               Christian Szegedy and
               Scott E. Reed and
               Cheng{-}Yang Fu and
               Alexander C. Berg},
  title     = {{SSD:} Single Shot MultiBox Detector},
  journal   = {CoRR},
  volume    = {abs/1512.02325},
  year      = {2015},
  url       = {http://arxiv.org/abs/1512.02325},
  archivePrefix = {arXiv},
  eprint    = {1512.02325},
  timestamp = {Wed, 12 Feb 2020 08:32:49 +0100},
  biburl    = {https://dblp.org/rec/journals/corr/LiuAESR15.bib},
  bibsource = {dblp computer science bibliography, https://dblp.org}
}

@misc{tensorflow2015-whitepaper,
title={ {TensorFlow}: Large-Scale Machine Learning on Heterogeneous Systems},
url={https://www.tensorflow.org/},
note={Software available from tensorflow.org},
author={
    Mart\'{\i}n~Abadi and
    Ashish~Agarwal and
    Paul~Barham and
    Eugene~Brevdo and
    Zhifeng~Chen and
    Craig~Citro and
    Greg~S.~Corrado and
    Andy~Davis and
    Jeffrey~Dean and
    Matthieu~Devin and
    Sanjay~Ghemawat and
    Ian~Goodfellow and
    Andrew~Harp and
    Geoffrey~Irving and
    Michael~Isard and
    Yangqing Jia and
    Rafal~Jozefowicz and
    Lukasz~Kaiser and
    Manjunath~Kudlur and
    Josh~Levenberg and
    Dandelion~Man\'{e} and
    Rajat~Monga and
    Sherry~Moore and
    Derek~Murray and
    Chris~Olah and
    Mike~Schuster and
    Jonathon~Shlens and
    Benoit~Steiner and
    Ilya~Sutskever and
    Kunal~Talwar and
    Paul~Tucker and
    Vincent~Vanhoucke and
    Vijay~Vasudevan and
    Fernanda~Vi\'{e}gas and
    Oriol~Vinyals and
    Pete~Warden and
    Martin~Wattenberg and
    Martin~Wicke and
    Yuan~Yu and
    Xiaoqiang~Zheng},
  year={2015},
}

@article{DBLP:journals/corr/Girshick15,
  author    = {Ross B. Girshick},
  title     = {Fast {R-CNN}},
  journal   = {CoRR},
  volume    = {abs/1504.08083},
  year      = {2015},
  url       = {http://arxiv.org/abs/1504.08083},
  archivePrefix = {arXiv},
  eprint    = {1504.08083},
  timestamp = {Mon, 13 Aug 2018 16:49:11 +0200},
  biburl    = {https://dblp.org/rec/journals/corr/Girshick15.bib},
  bibsource = {dblp computer science bibliography, https://dblp.org}
}

@article{DBLP:journals/corr/GirshickDDM13,
  author    = {Ross B. Girshick and
               Jeff Donahue andTrevor Darrell and
               Jitendra Malik},
  title     = {Rich feature hierarchies for accurate object detection and semantic
               segmentation},
  journal   = {CoRR},
  volume    = {abs/1311.2524},
  year      = {2013},
  url       = {http://arxiv.org/abs/1311.2524},
  archivePrefix = {arXiv},
  eprint    = {1311.2524},
  timestamp = {Mon, 13 Aug 2018 16:48:09 +0200},
  biburl    = {https://dblp.org/rec/journals/corr/GirshickDDM13.bib},
  bibsource = {dblp computer science bibliography, https://dblp.org}
}

@article{DBLP:journals/corr/RenHG015,
  author    = {Shaoqing Ren and
               Kaiming He and
               Ross B. Girshick and
               Jian Sun},
  title     = {Faster {R-CNN:} Towards Real-Time Object Detection with Region Proposal
               Networks},
  journal   = {CoRR},
  volume    = {abs/1506.01497},
  year      = {2015},
  url       = {http://arxiv.org/abs/1506.01497},
  archivePrefix = {arXiv},
  eprint    = {1506.01497},
  timestamp = {Mon, 13 Aug 2018 16:46:02 +0200},
  biburl    = {https://dblp.org/rec/journals/corr/RenHG015.bib},
}

@article{DBLP:journals/corr/RedmonDGF15,
  author    = {Joseph Redmon and
               Santosh Kumar Divvala and
               Ross B. Girshick and
               Ali Farhadi},
  title     = {You Only Look Once: Unified, Real-Time Object Detection},
  journal   = {CoRR},
  volume    = {abs/1506.02640},
  year      = {2015},
  url       = {http://arxiv.org/abs/1506.02640},
  archivePrefix = {arXiv},
  eprint    = {1506.02640},
  timestamp = {Mon, 13 Aug 2018 16:48:08 +0200},
  biburl    = {https://dblp.org/rec/journals/corr/RedmonDGF15.bib},
  bibsource = {dblp computer science bibliography, https://dblp.org}
}

@article{DBLP:journals/corr/RedmonF16,
  author    = {Joseph Redmon and
               Ali Farhadi},
  title     = {{YOLO9000:} Better, Faster, Stronger},
  journal   = {CoRR},
  volume    = {abs/1612.08242},
  year      = {2016},
  archivePrefix = {arXiv},
  eprint    = {1612.08242},
  timestamp = {Mon, 13 Aug 2018 16:48:25 +0200},
  biburl    = {https://dblp.org/rec/journals/corr/RedmonF16.bib},
  bibsource = {dblp computer science bibliography, https://dblp.org}
}